%  a sample bibliography file

@article{small,
  author = {Heinen, Alexandre Loeblein},
  title = {Como criar um modelo para o TCC},
  journal = {XV Simpósio da Paciência},
  year = 2017,
  volume = {12},
}

@article{big,
  author = {Cantú, Emílio Dolgener},
  title = {I still have no idea what I'm doing},
  journal = {The journal of big papers and stuffs},
  year = 2016,
  volume = {1},
}
